<record><leader>00000cas a2200000 a 4500</leader><controlfield tag="001">15814709</controlfield><controlfield tag="008">870605c19809999njudn ne      0   a0eng d</controlfield><controlfield tag="009">2001</controlfield><datafield ind1=" " ind2=" " tag="010"><subfield code="a">sn 88071003 </subfield></datafield><datafield ind1=" " ind2=" " tag="040"><subfield code="a">NPL</subfield><subfield code="b">eng</subfield><subfield code="c">NPL</subfield><subfield code="d">NPA</subfield><subfield code="d">OCL</subfield><subfield code="d">CUS</subfield><subfield code="d">OCLCF</subfield></datafield><datafield ind1="1" ind2=" " tag="029"><subfield code="a">AU@</subfield><subfield code="b">000020498421</subfield></datafield><datafield ind1=" " ind2=" " tag="042"><subfield code="a">msc</subfield></datafield><datafield ind1=" " ind2="4" tag="050"><subfield code="a">AN</subfield></datafield><datafield ind1="0" ind2="4" tag="245"><subfield code="a">The Daily targum.</subfield></datafield><datafield ind1=" " ind2=" " tag="260"><subfield code="a">New Brunswick, N.J. :</subfield><subfield code="b">Targum Association of Rutgers College,</subfield><subfield code="c">1980-</subfield></datafield><datafield ind1=" " ind2=" " tag="310"><subfield code="a">Daily (except Sat. and Sun., while classes are in session)</subfield></datafield><datafield ind1="0" ind2=" " tag="362"><subfield code="a">Vol. 112, no. 1 (Sept. 2, 1980)-</subfield></datafield><datafield ind1=" " ind2=" " tag="500"><subfield code="a">"Serving the Rutgers University community since 1869."</subfield></datafield><datafield ind1=" " ind2=" " tag="500"><subfield code="a">Published by the Targum Pub. Co., 1980-</subfield></datafield><datafield ind1=" " ind2=" " tag="525"><subfield code="a">Has weekly magazine supplement called: Inside beat.</subfield></datafield><datafield ind1="2" ind2="0" tag="610"><subfield code="a">Rutgers University</subfield><subfield code="x">Students</subfield><subfield code="v">Newspapers.</subfield></datafield><datafield ind1=" " ind2="7" tag="655"><subfield code="a">Newspapers.</subfield><subfield code="2">fast</subfield><subfield code="0">(OCoLC)fst01423814</subfield></datafield><datafield ind1="2" ind2="7" tag="610"><subfield code="a">Rutgers University.</subfield><subfield code="2">fast</subfield><subfield code="0">(OCoLC)fst00533345</subfield></datafield><datafield ind1=" " ind2="7" tag="650"><subfield code="a">Students.</subfield><subfield code="2">fast</subfield><subfield code="0">(OCoLC)fst01136041</subfield></datafield><datafield ind1="2" ind2=" " tag="710"><subfield code="a">Rutgers University.</subfield></datafield><datafield ind1="2" ind2=" " tag="710"><subfield code="a">Rutgers College.</subfield></datafield><datafield ind1="2" ind2=" " tag="710"><subfield code="a">Targum Association of Rutgers College.</subfield></datafield><datafield ind1="2" ind2=" " tag="710"><subfield code="a">Targum Publishing Company.</subfield></datafield><datafield ind1=" " ind2=" " tag="752"><subfield code="a">United States</subfield><subfield code="b">New Jersey</subfield><subfield code="c">Middlesex</subfield><subfield code="d">New Brunswick.</subfield></datafield><datafield ind1="1" ind2=" " tag="770"><subfield code="t">Inside beat</subfield><subfield code="w">(OCoLC)15814814</subfield></datafield><datafield ind1="0" ind2="0" tag="780"><subfield code="t">Rutgers daily targum</subfield><subfield code="w">(DLC)sn 88071006</subfield></datafield></record>